%%%%%%%%%%%%%%%%%%%%%%%%%%%%%%%%%%%%%%%%%%%%%%%%%%%%%%%%%%%%%%%%%%%%%%%%%%%%%%%%%%%%%%%%%%%%%%%%%%%%%%%%%%%%%%%%%%%%
%Sitios Web

@misc{manual:DC,
	author	= "{Synopsys, Inc}",
    title	= "{Design Compiler User Guide Version D-2010.03-SP2}",
    year	= "2010",
    }

@misc{website:cvs,
    author    = "Deepak Kumar Tala",
    title     = "{CVS}",
    year     = "2014",
    url     = "{http://www.asic-world.com/scripting/cvs1.html\#What\_is\_CVS?}"
}
@misc{website:gitignore,
	author	= "GitHub INC",
    title   = "{Using Git / Ignoring files}",
    year    = "2014",
    url     = "{https://git-scm.com/docs/gitignore}"
    }

@misc{website:mosis,
    author    = "The MOSIS Service",
    title     = "What is MOSIS",
    year     = "2015",
    url     = "https://www.mosis.com/what-is-mosis"
}

@misc{website:ict,
      author = "{ICT}",
      title = "{INFORME ESTADÍSTICO TRIMESTRAL, PRIMER SEMESTRE 2016, (IT-2016"). [Online]}",
      month = "Septiembre",
      year = "2016",
      url = "http://www.ict.go.cr/es/documentos-institucionales/estad\%C3\%ADsticas/informes-estad\%C3\%ADsticos/trimestral/2016/879-i-trimestre-2016/file.html"}

@misc{website:inv_esc_electro,
      author = "Tecnológico de Costa Rica",
      title = "Escuela de Ingeniería Electrónica. ITCR.: Investigación y Extensión. [Online]",
      month = "Noviembre",
      year = "2015",
      url = "http://www.tec.ac.cr/sitios/Docencia/electronica/Paginas/investigacion-y-ext.aspx"
}

@misc{website:inbio,
      author = "{INBio}",
      title = "{Biodiversidad en Costa Rica. [Online]}",
      month = "Septiembre",
      year = "2016",
      url = "http://www.inbio.ac.cr/es/biod/bio_biodiver.htm"
}

@misc{website:sinac,
      author = "{SINAC}",
      title = "{Áreas Silvestres Protegidas. [Online]}",
      month = "Septiembre",
      year = "2016",
      url = "http://www.sinac.go.cr/ES/asp/Paginas/default.aspx"
}

@misc{website:dcilab,
      author = "{DCILab}",
      title = "{Sonidos Ilegales. [Online]}",
      month = "Septiembre",
      year = "2016",
      url = "http://www.ie.tec.ac.cr/asistenteweb/dcilab/index.php/Proyectos/SonidosIlegales"
}

@misc{website:ni,
      author = "National Instruments",
      title = "{¿Qué es una Red de Sensores Inalámbricos?. [Online]}",
      month = "Septiembre",
      year = "2016",
      url = "http://www.ni.com/white-paper/7142/es/" }
      
@misc{website:beagleboard,
      author = "Beagleboard",
      title = "{Beagleboard-xM Rev C System Reference Manual. [Online]}",
      year = "2010",
      url = "http://beagleboard.org/static/BBxMSRM latest.pdf" }

@misc{website:powerplan,
	author	= "Jimmy Sutaria",
    title	= "Power Planning",
    year	= "2015",
    url		= "http://vlsibyjim.blogspot.com/2015/03/power-planning.html"}
    
@misc{website:powerplan2,
	author	= "Murali",
    title	= "Power Planning",
    year	= "2007",
    url		= "http://asic-soc.blogspot.com/2007/10/power-planning.html"}


@misc{website:powerplan3,
	author	= "Manikanta Gottuparthi",
    title	= "Power Planning",
    year	= "2013",
    url		= "http://vlsipd.blogspot.com/2013/06/power-planning.html"}
    
  @misc{website:properplan,
	author	= "Manikanta Gottuparthi",
    title	= "PROPER PLANNING ASSURES SOC POWER INTEGRITY",
    year	= "2007",
    url		= "http://chipdesignmag.com/display.php?articleId=966"}

%%%%%%%%%%%%%%%%%%%%%%%%%%%%%%%%%%%%%%%%%%%%%%%%%%%%%%%%%%%%%%%%%%%%%%%%%%%%%%%%%%%%%%%%%%%%%%%%%%%%%%%%%%%%%%%%%%%%

%Artículos

@booklet{sirpa_SoC,
    author   = "A. Chacón. and P. Alvarado",
    title     = "Sistema electrónico integrado en chip
{(SoC)} para el reconocimiento de patrones de disparos y motosierras en una red inalámbrica de sensores
para la protección ambiental",
    howpublished   = "Vicerectoría de Investigación, Instituto Tecnológico de Costa Rica",
    month    = "Junio",
    year	 = "2014",
    note     = "Proyecto No. 5402-1360-3101"
}

@booklet{lascas_carlos,
	author	= "Salazar-Garcia C. and Castro-Gonzalez R.  and Chacon-Rodriguez, A.",
	title	= "RISC-V based sound classifier intended for acoustic surveillance in protected natural environments",
	howpublished	= "Circuits \& Systems (LASCAS), 2017 IEEE 8th Latin American Symposium",
	month	= "Febrero",
	year	= "2017"
	}

@booklet{concapan,
	author	= "A. Cervantes and J. Quiros and D. Rodriguez-Valverde and C. Salazar-Garcia and
A. Chacon-Rodriguez",
	title	= "Implementation of an open core IEEE 754-
based FPU with non-linear arithmetic support",
	howpublished = "2016 IEEE XXXVI",
	month 	= "Noviembre",
	year	= "2016"
	}

@booklet{NeuralNetworks,
	author	= "C. M. Bishop",
    title	= "{\textit{Neural Networks for Pattern Recognition}}",
    howpublished	= "Clarendon Press Oxford",
    year	= "1995"
}

@article{kommuru2009asic,
  title={ASIC Design Flow Tutorial Using Synopsys Tools},
  author={Kommuru, Hima Bindu and Mahmoodi, Hamid},
  journal={Nano-Electronics \& Computing Research Lab, School of Engineering, San Francisco State University San Francisco, CA, Spring},
  year={2009}
}

@ARTICLE{LRabiner, 
author={L. R. Rabiner}, 
journal={Proceedings of the IEEE}, 
title={A tutorial on hidden Markov models and selected applications in speech recognition}, 
year={1989}, 
volume={77}, 
number={2}, 
pages={257-286}, 
keywords={Markov processes;speech recognition;balls-in-urns system;coin-tossing;discrete Markov chains;ergodic models;hidden Markov models;hidden states;left-right models;probabilistic function;speech recognition;Distortion;Hidden Markov models;Mathematical model;Multiple signal classification;Signal processing;Speech recognition;Statistical analysis;Stochastic processes;Temperature measurement;Tutorial}, 
doi={10.1109/5.18626}, 
ISSN={0018-9219}, 
month={Feb}}

@INPROCEEDINGS{mio, 
author={C. Salazar-García and L. Alfaro-Hidalgo and M. Carvajal-Delgado and J. Montero-Aragón and R. Castro-Gonzalez and J. A. Rodríguez and A. Chacon-Rodríguez and P. Alvarado-Moya}, 
booktitle={Circuits Systems (LASCAS), 2015 IEEE 6th Latin American Symposium on}, 
title={Digital integrated circuit implementation of an identification stage for the detection of illegal hunting and logging}, 
year={2015}, 
pages={1-4}, 
keywords={CMOS digital integrated circuits;VLSI;acoustic devices;acoustic signal processing;feature extraction;field programmable gate arrays;hardware description languages;hidden Markov models;low-power electronics;rain;signal classification;wireless sensor networks;CMOS technology;FPGA;HDL description;HMM;VLSI;acoustic classification system identification;chainsaws;digital integrated circuit;feature extraction;gunshot detection;illegal hunting identification;logging;rain forest area protection;signal classification;signal preprocessing;size 130 nm;surveillance wireless sensor network;Field programmable gate arrays;Filter banks;Hardware;Hardware design languages;Hidden Markov models;Testing;Three-dimensional displays;ASIC;Acoustic signals recognition;FPGA;HMM;dimensionality reduction;embedded systems;environmental protection;kd-tree;low-power CMOS}, 
doi={10.1109/LASCAS.2015.7250490}, 
month={Feb}}

@article{villalobos30entropia,
  title={Entropia},
  author={Villalobos, Jos{\'e} Alberto},
  journal={Revista de la Universidad de Costa Rica},
  volume={30}
}
%%%%%%%%%%%%%%%%%%%%%%%%%%%%%%%%%%%%%%%%%%%%%%%%%%%%%%%%%%%%%%%%%%%%%%%%%%%%%%%%%%%%%%%%%%%%%%%%%%%%%%%%%%%%%%%%%%%%

%Tesis

@masterthesis{FlujoJairo2016,
	author	= "{Jairo Valverde, Dave Porras, Reinaldo Castro, Jorge Sequeira, Gabriel Loría}",
    title	= "{Tutorial para Flujo de Diseño de Circuitos Integrados Digitales con Tecnología IBM 8RF (CMOS 0.13 micrómetros)}",
    type	= "Informe de proyecto",
    school	= "Escuela de Ingeniería Electrónica. ITCR.",
    year	= "2016",
    month	= "Octubre"
}


@mastersthesis{Carlosthesis,
    author	= "Carlos Salazar García",
    title	= "Implementación de un microprocesador de aplicación específica para la ejecución del algoritmo de modelos ocultos de Markov en el reconocimiento de patrones acústicos.",
    type	= "Tesis de Maestría",
    school	= "Escuela de Ingeniería Electrónica. ITCR.",
    year	= "2015",
    month	= "Diciembre"
}

@mastersthesis{Jordanthesis,
    author	= "Jordan Montero",
    title	= "Implementación de un sistema de reconocimiento de patrones acústicos de disparos y motosierras en un sistema embebido",
    type	= "Tesis de Licenciatura",
    school	= "Escuela de Ingeniería Electrónica. ITCR.",
    year	= "2015",
    month	= "Diciembre"
}

@mastersthesis{Jcardenas,
    author	= "J. Cárdenas",
    title	= "Training Strategies for HMM in the acoustic pattern recognition,",
    school	= "Escuela de Ingeniería en Computación. ITCR",
    type	= "Tesis de Maestría",
    year	= "2012",
    month	= "Mayo"
}

@mastersthesis{Esalas,
    author	= "E. Salas",
    title	= "Reconocimiento en tiempo real de patrones acústicos de motosierras y disparos por medio de una implementación en FPGA de modelos ocultos de Markov",
    school	= "Escuela de Ingeniería Electrónica. ITCR.",
    type	= "Tesis de Licenciatura",
    year	= "2010",
    month	= "Mayo"
}

@mastersthesis{MSaenz,
    author    = "M. Sáenz",
    title     = "Reconocimiento de patrones acústicos para la protección del ambiente utilizando wavelets y Modelos Ocultos de Markov.",
    school    = "Escuela de Ingeniería Electrónica. ITCR.",
    type     = "Tesis de Licenciatura",
    year      = "2006",
    month    = "Noviembre"
}

@mastersthesis{Msequeira,
    author	= "M. Sequeira",
    title	= "Modulo de reducción de dimensiones espectrales en un sistema de reconocimiento de patrones acústicos de motosierras y disparos por medio de una implementación en FPGA.",
    school	= "Escuela de Ingeniería Electrónica. ITCR.",
    type	= "Tesis de Licenciatura",
    year	= "2011",
    month	= "Junio"
}

@mastersthesis{Lalfaro,
    author	= "L. Alfaro",
    title	= "Implementacion en hardware del Sistema de Reconocimiento
de Patrones Acusticos (SiRPA).",
    school	= "Escuela de Ingeniería Electrónica. ITCR.",
    type	= "Tesis de Licenciatura",
    year	= "2013",
    month	= "Junio"
}

@mastersthesis{Mau,
    author	= "M. Carvajal",
    title	= "Banco de Pruebas del Sistema de reconocimiento de patrones acústicos de motosierras y disparos",
    school	= "Escuela de Ingeniería Electrónica. ITCR.",
    type	= "Tesis de Licenciatura",
    year	= "2013",
    month	= "Noviembre"
}

@mastersthesis{Diego2015,
	author	= "{Diego Andrés Rodríguez Valverde}",
    title	= "Diseño e implementación de una unidad aritmético-lógica de coma flotante para un procesador de aplicación específica",
    type	= "Tesis de Licenciatura",
    school	= "Escuela de Ingeniería Electrónica. ITCR.",
    year	= "2015",
    month	= "Diciembre"
}

@mastersthesis{Francis2016,
	author	= "Francis Alexander López Montero",
    title	= "Diseño e implementación de hardware para optimizar la Unidad Aritmética de Coma Flotante de un procesador de aplicación específica",
    type	= "Tesis de Licenciatura",
    school	= "Escuela de Ingeniería Electrónica. ITCR.",
    year	= "2016",
    month	= "Junio"}
%%%%%%%%%%%%%%%%%%%%%%%%%%%%%%%%%%%%%%%%%%%%%%%%%%%%%%%%%%%%%%%%%%%%%%%%%%%%%%%%%%%%%%%%%%%%%%%%%%%%%%%%%%%%%%%%%%%%

%Conferencias

@conference{IEEE_Panama,
    author	= "E. Salas. and P. Alvarado",
    title	= "Implementación de un  banco de filtros digitales multitasa para la estimación energética espectral en una aplicación de protección ambiental",
    booktitle	= "\textit{Convención de Centroamérica y Panamá}",
    year	= "2010",
    month	= "Noviembre",
    publisher	= "{XXX IEEE}"
}

@conference{EmbededTech,
    author	= "M. Sequeira. and P. Alvarado",
    title	= "Modulo de reducción de dimensiones espectrales en un sistema empotrado nodal de una red inalámbrica de sensores",
    booktitle = "{Proceedings of the Embedded Technology Conference}",
    address	= "{San José, Costa Rica}",
    year	= "2011"
}

@conference{TDS,
    author	= "E. Salas. and P. Alvarado",
    title	= "Implementation of an automatic gain control for audio
signals in an application for environmental protection",
    booktitle = "\textit{Proceedings of the Conference on Technologies for Sustainable Development TSD2011}",
    address	= "{Cartago, Costa Rica}",
    year	= "2011"
}


%%%%%%%%%%%%%%%%%%%%%%%%%%%%%%%%%%%%%%%%%%%%%%%%%%%%%%%%%%%%%%%%%%%%%%%%%%%%%%%%%%%%%%%%%%%%%%%%%%%%%%%%%%%%%%%%%%%%%% 

% Libros

@book{book:raj2008,
  title={VLSI design},
  author={Raj, A Albert and Latha, T},
  year={2008},
  publisher={PHI Learning Pvt. Ltd.}
}

@misc{book:johnM1997,
  title={Application-Specific Integrated Circuits},
  author={John, Michael and Smith, Sebastian},
  year={1997},
  publisher={Addison Wesley}
}

@book{book:barrK2006,
   title =     {ASIC Design in the Silicon Sandbox: A Complete Guide to Building Mixed-Signal Integrated Circuits},
   author =    {Keith Barr},
   publisher = {McGraw-Hill Professional},
   isbn =      {0071481613,9780071481618},
   year =      {2006},
   series =    {},
   edition =   {1},
   volume =    {}}
   
@book{book:weste2005,
  title={Cmos VLSI Design. A circuits and systems perspective},
  author={Weste, Neil and Harris, David},
  publisher = {Addison-Wesley},
  isbn = {10:0-321-54774-8, 13:978-0-321-54774-3},
  edition={4},
  year={2005}
}

@book{book:matryoshka,
  title={Russian matryoshka},
  author={Solov\'eva, Larisa N and Marder, Marina},
  year={1993},
  publisher={Interbook}
}

